%% Bibtex entries are formated as follows, with all the fields filled in.
%% Bibtex will take care of formatting it based on the style you use.
%% Cite with \cite{Humar2011}.
%% Generally, you can get the bibtex entry where you found the article - with 'generate bibtex' or something of the sort.
@misc{yarom1999method,
  title={Method of relocating the stack in a computer system for preventing overrate by an exploit program},
  author={Yarom, Y.},
  url={https://www.google.com/patents/US5949973},
  year={1999},
  month=sep # "~7",
  publisher={Google Patents},
  note={US Patent 5,949,973}
}

@inproceedings{shacham2004effectiveness,
  title={On the effectiveness of address-space randomization},
  author={Shacham, Hovav and Page, Matthew and Pfaff, Ben and Goh, Eu-Jin and Modadugu, Nagendra and Boneh, Dan},
  booktitle={Proceedings of the 11th ACM conference on Computer and communications security},
  pages={298--307},
  year={2004},
  organization={ACM}
}

@inproceedings{bhatkar2003address,
  title={Address obfuscation: An efficient approach to combat a broad range of memory error exploits},
  author={Bhatkar, Sandeep and DuVarney, Daniel C and Sekar, Ron},
  booktitle={Proceedings of the 12th USENIX security symposium},
  volume={120},
  year={2003},
  organization={Washington, DC.}
}

@article{payer2012too,
  title={Too much PIE is bad for performance},
  author={Payer, Mathias},
  year={2012},
  publisher={ETH Zurich, Department of Computer Science}
}

@article{paxdocs,
  author={PaX Team},
  title={Documentation for the PaX project},
  url={http://pax.grsecurity.net/docs/}
}

@misc{msexploitmitigation,
  author       = {Microsoft},
  title        = {Exploit Mitigations in Windows},
  howpublished = {WWW},
  url          = {http://www.microsoft.com/security/sir/strategy/default.aspx#!section_3_3}
}

@misc{applesecurity,
  author       = {Apple},
  title        = {Apple - Mac OS X - It's built to keep your Mac safe.},
  howpublished = {WWW},
  url          = {http://www.apple.com/osx/what-is/security.html}
}

@misc{kerneldocs,
  title        = {Documentation for /proc/sys/kernel/*},
  howpublished = {WWW},
  url          = {https://www.kernel.org/doc/Documentation/sysctl/kernel.txt}
}

@misc{randomc,
  title        = {random.c},
  howpublished = {WWW},
  url          = {https://github.com/torvalds/linux/blob/master/drivers/char/random.c}
}

@article{memorylayout,
  author = {Rahul Dhek},
  title  = {Memory Layout of C Programs},
  year   = {2014},
  url    = {http://www.geeksforgeeks.org/memory-layout-of-c-program/}
}
